<record><leader>00000cas a22000007a 4500</leader><controlfield tag="001">12083778</controlfield><controlfield tag="008">850525d18941898wiudn ne      0    0eng d</controlfield><datafield ind1=" " ind2=" " tag="010"><subfield code="a">sn 85040637 </subfield></datafield><datafield ind1=" " ind2=" " tag="040"><subfield code="a">NPV</subfield><subfield code="b">eng</subfield><subfield code="c">NPV</subfield><subfield code="d">OCLCQ</subfield></datafield><datafield ind1=" " ind2=" " tag="042"><subfield code="a">msc</subfield></datafield><datafield ind1=" " ind2=" " tag="045"><subfield code="a">w9w9</subfield></datafield><datafield ind1=" " ind2=" " tag="052"><subfield code="a">4123</subfield><subfield code="b">B7</subfield></datafield><datafield ind1="0" ind2="4" tag="245"><subfield code="a">The Green Bay daily advocate.</subfield></datafield><datafield ind1="1" ind2="7" tag="246"><subfield code="a">Daily advocate</subfield></datafield><datafield ind1=" " ind2=" " tag="260"><subfield code="a">Green Bay, Wis. :</subfield><subfield code="b">Green Bay Advocate Co.,</subfield><subfield code="c">-1898.</subfield></datafield><datafield ind1=" " ind2=" " tag="300"><subfield code="a">v. :</subfield><subfield code="b">ill.</subfield></datafield><datafield ind1=" " ind2=" " tag="310"><subfield code="a">Daily (except Mon.)</subfield></datafield><datafield ind1="0" ind2=" " tag="362"><subfield code="a">-v. 4, no. 192 (Jan. 14, 1898).</subfield></datafield><datafield ind1="1" ind2=" " tag="362"><subfield code="a">Began in 1894?</subfield></datafield><datafield ind1=" " ind2=" " tag="500"><subfield code="a">Editor: W.C. Jenkins, Jan. 13, 1897-Nov. 17, 1897.--M.T. Stokes, Dec. 9, 1892-Jan. 14, 1898.</subfield></datafield><datafield ind1=" " ind2=" " tag="530"><subfield code="a">Available on microfilm from The State Historical Society of Wisconsin.</subfield></datafield><datafield ind1=" " ind2=" " tag="580"><subfield code="a">Also published in weekly ed. with title: Green Bay advocate.</subfield></datafield><datafield ind1=" " ind2=" " tag="588"><subfield code="a">Description based on: Vol. 2, no. 280 (Sept. 17, 1896).</subfield></datafield><datafield ind1=" " ind2=" " tag="752"><subfield code="a">United States</subfield><subfield code="b">Wisconsin</subfield><subfield code="c">Brown</subfield><subfield code="d">Green Bay.</subfield></datafield><datafield ind1="1" ind2=" " tag="775"><subfield code="t">Green Bay advocate (Green Bay, Wis. : 1846)</subfield><subfield code="w">(DLC)sn 84033082</subfield></datafield><datafield ind1="0" ind2="0" tag="785"><subfield code="t">Evening advocate (Green Bay, Wis.)</subfield><subfield code="w">(DLC)sn 85040638</subfield></datafield></record>